@ARTICLE{Balas,
	AUTHOR       = "Balas, M. J.",
	TITLE        = "Feedback control of linear diffusion process.",
	JOURNAL      = "International Journal of control",
	YEAR         = "1979",
	VOLUME       = "29",
	PAGES        = "523 --533",
}
@article{Palleti2016246,
title = "Sensor network design for contaminant detection and identification in water distribution networks ",
journal = "Computers & Chemical Engineering ",
volume = "87",
number = "",
pages = "246 - 256",
year = "2016",
note = "",
issn = "0098-1354",
doi = "http://dx.doi.org/10.1016/j.compchemeng.2015.12.022",
url = "http://www.sciencedirect.com/science/article/pii/S0098135415003865",
author = "Venkata Reddy Palleti and Shankar Narasimhan and R. Rengaswamy and Ravi Teja and S. Murty Bhallamudi",
keywords = "Water distribution network",
keywords = "Contaminant detection",
keywords = "Observability",
keywords = "Identifiability",
keywords = "Bipartite graph "
}
%TODO
@article{PalletiActuator,
    author="Venkata Reddy Palleti and Shankar Narasimhan"
}
@Article{Picard1982,
author="Picard, Jean-Claude
and Queyranne, Maurice",
title="On the structure of all minimum cuts in a network and applications",
journal="Mathematical Programming",
year="1982",
volume="22",
number="1",
pages="121--121",
issn="1436-4646",
doi="10.1007/BF01581031",
url="http://dx.doi.org/10.1007/BF01581031"
}

@inbook{EhsaniAfshar,
author = { Nima Ehsani and  Abbas Afshar},
title = {Optimization of Contaminant Sensor Placement in Water Distribution Networks: Multi-Objective Approach},
booktitle = {Water Distribution Systems Analysis 2010},
chapter = {},
pages = {338-346},
doi = {10.1061/41203(425)32},
URL = {http://ascelibrary.org/doi/abs/10.1061/41203%28425%2932},
eprint = {http://ascelibrary.org/doi/pdf/10.1061/41203%28425%2932}
}
@article{Hart2010,
author = {William E. Hart and Regan Murray},
title = {Review of Sensor Placement Strategies for Contamination Warning Systems in Drinking Water Distribution Systems},
journal = {Journal of Water Resources Planning and Management},
volume = {136},
number = {6},
pages = {611-619},
year = {2010},
doi = {10.1061/(ASCE)WR.1943-5452.0000081},

URL = { 
        http://dx.doi.org/10.1061/(ASCE)WR.1943-5452.0000081
    
},
eprint = { 
        http://dx.doi.org/10.1061/(ASCE)WR.1943-5452.0000081
    
}

}

@article{RATHI2014181,
title = "Sensor Placement Methods for Contamination Detection in Water Distribution Networks: A Review",
journal = "Procedia Engineering",
volume = "89",
number = "",
pages = "181 - 188",
year = "2014",
note = "",
issn = "1877-7058",
doi = "http://dx.doi.org/10.1016/j.proeng.2014.11.175",
url = "http://www.sciencedirect.com/science/article/pii/S1877705814022905",
author = "S. Rathi and R. Gupta",
keywords = "Critical Review ;Sensor location",
keywords = "Sensor Placement",
keywords = "Water Security",
keywords = "Water Distribution Networks"
}


@article{Kessler1998,
author = {Avner Kessler and Avi Ostfeld and Gideon Sinai},
title = {Detecting Accidental Contaminations in Municipal Water Networks},
journal = {Journal of Water Resources Planning and Management},
volume = {124},
number = {4},
pages = {192-198},
year = {1998},
doi = {10.1061/(ASCE)0733-9496(1998)124:4(192)},

URL = { 
        http://dx.doi.org/10.1061/(ASCE)0733-9496(1998)124:4(192)
    
},
eprint = { 
        http://dx.doi.org/10.1061/(ASCE)0733-9496(1998)124:4(192)
    
}

}

@article{Ostfeld2008,
author = {Avi Ostfeld and James G. Uber and Elad Salomons and Jonathan W. Berry and William E. Hart and Cindy A. Phillips and Jean-Paul Watson and Gianluca Dorini and Philip Jonkergouw and Zoran Kapelan and Francesco di Pierro and Soon-Thiam Khu and Dragan Savic and Demetrios Eliades and Marios Polycarpou and Santosh R. Ghimire and Brian D. Barkdoll and Roberto Gueli and Jinhui J. Huang and Edward A. McBean and William James and Andreas Krause and Jure Leskovec and Shannon Isovitsch and Jianhua Xu and Carlos Guestrin and Jeanne VanBriesen and Mitchell Small and Paul Fischbeck and Ami Preis and Marco Propato and Olivier Piller and Gary B. Trachtman and Zheng Yi Wu and Tom Walski},
title = {The Battle of the Water Sensor Networks (BWSN): A Design Challenge for Engineers and Algorithms},
journal = {Journal of Water Resources Planning and Management},
volume = {134},
number = {6},
pages = {556-568},
year = {2008},
doi = {10.1061/(ASCE)0733-9496(2008)134:6(556)},

URL = { 
        http://dx.doi.org/10.1061/(ASCE)0733-9496(2008)134:6(556)
    
},
eprint = { 
        http://dx.doi.org/10.1061/(ASCE)0733-9496(2008)134:6(556)
    
}

}


